[gd_scene load_steps=4 format=2]

[ext_resource path="res://Themes/Basic/Basic_Theme.tres" type="Theme" id=1]
[ext_resource path="res://Scripts/Windows/HighScoreViewer.gd" type="Script" id=2]
[ext_resource path="res://Themes/Basic/Label/Style_Header_Label.tres" type="StyleBox" id=3]


[node name="HighScorePanel" type="PanelContainer"]
anchor_left = 0.5
anchor_right = 0.5
margin_left = -262.5
margin_top = 10.0
margin_right = 262.5
margin_bottom = 260.0
size_flags_horizontal = 3
size_flags_vertical = 3
theme = ExtResource( 1 )
script = ExtResource( 2 )
__meta__ = {
"_edit_use_anchors_": false
}

[node name="ScrollContainer" type="ScrollContainer" parent="."]
margin_left = 2.0
margin_top = 2.0
margin_right = 523.0
margin_bottom = 248.0
scroll_vertical_enabled = false

[node name="HighscoreGrid" type="GridContainer" parent="ScrollContainer"]
margin_right = 521.0
margin_bottom = 246.0
size_flags_horizontal = 3
size_flags_vertical = 3
custom_constants/hseparation = -1
columns = 5

[node name="NameLabel" type="Label" parent="ScrollContainer/HighscoreGrid"]
margin_right = 105.0
margin_bottom = 18.0
size_flags_horizontal = 3
custom_styles/normal = ExtResource( 3 )
text = "Name"
align = 1
valign = 1

[node name="ScoreLabel" type="Label" parent="ScrollContainer/HighscoreGrid"]
margin_left = 104.0
margin_right = 209.0
margin_bottom = 18.0
size_flags_horizontal = 3
custom_styles/normal = ExtResource( 3 )
text = "Score"
align = 1
valign = 1

[node name="KillsLabel" type="Label" parent="ScrollContainer/HighscoreGrid"]
margin_left = 208.0
margin_right = 313.0
margin_bottom = 18.0
size_flags_horizontal = 3
custom_styles/normal = ExtResource( 3 )
text = "Kills"
align = 1
valign = 1

[node name="PlayTimeLabel" type="Label" parent="ScrollContainer/HighscoreGrid"]
margin_left = 312.0
margin_right = 417.0
margin_bottom = 18.0
size_flags_horizontal = 3
custom_styles/normal = ExtResource( 3 )
text = "Play Time"
align = 1
valign = 1

[node name="DateLabel" type="Label" parent="ScrollContainer/HighscoreGrid"]
margin_left = 416.0
margin_right = 521.0
margin_bottom = 18.0
size_flags_horizontal = 3
custom_styles/normal = ExtResource( 3 )
text = "Date"
align = 1
valign = 1
