[gd_scene load_steps=7 format=2]

[ext_resource path="res://Themes/Basic/Basic_Theme.tres" type="Theme" id=1]
[ext_resource path="res://Scripts/Windows/HighScorePanelWButtont.gd" type="Script" id=2]
[ext_resource path="res://Scenes/Windows/HighScoreViewer.tscn" type="PackedScene" id=3]
[ext_resource path="res://Scenes/Windows/ConfirmationPopup.tscn" type="PackedScene" id=4]





[sub_resource type="InputEventAction" id=1]
action = "ui_cancel"

[sub_resource type="ShortCut" id=2]
shortcut = SubResource( 1 )

[node name="CanvasLayer" type="CanvasLayer"]
layer = 3

[node name="HighScorePanelWButton" type="Control" parent="."]
anchor_right = 1.0
anchor_bottom = 1.0
margin_left = 5.0
margin_right = 5.0
size_flags_horizontal = 0
size_flags_vertical = 0
theme = ExtResource( 1 )
script = ExtResource( 2 )

[node name="HighScorePanel" parent="HighScorePanelWButton" instance=ExtResource( 3 )]
anchor_top = 0.5
anchor_bottom = 0.5
margin_top = -125.0
margin_bottom = 125.0
theme = null

[node name="CloseButton" type="Button" parent="HighScorePanelWButton"]
margin_left = 718.0
margin_top = 440.0
margin_right = 773.0
margin_bottom = 460.0
shortcut_in_tooltip = false
shortcut = SubResource( 2 )
text = "Close"

[node name="ClearButton" type="Button" parent="HighScorePanelWButton"]
anchor_left = 0.5
anchor_top = 0.5
anchor_right = 0.5
anchor_bottom = 0.5
margin_left = -27.5
margin_top = 140.0
margin_right = 27.5
margin_bottom = 160.0
text = "Clear"

[node name="ConfirmationPopup" parent="HighScorePanelWButton" instance=ExtResource( 4 )]
popup_exclusive = true
[connection signal="pressed" from="HighScorePanelWButton/CloseButton" to="HighScorePanelWButton" method="_on_CloseButton_pressed"]
[connection signal="pressed" from="HighScorePanelWButton/ClearButton" to="HighScorePanelWButton" method="_on_ClearButton_pressed"]
