[gd_scene load_steps=7 format=2]

[ext_resource path="res://Scripts/Windows/NewHighScoreWindow.gd" type="Script" id=1]
[ext_resource path="res://Themes/Basic/Basic_Theme.tres" type="Theme" id=2]


[sub_resource type="InputEventAction" id=1]
action = "ui_accept"

[sub_resource type="ShortCut" id=2]
shortcut = SubResource( 1 )

[sub_resource type="InputEventAction" id=3]
action = "ui_cancel"

[sub_resource type="ShortCut" id=4]
shortcut = SubResource( 3 )

[node name="WindowLayer" type="CanvasLayer"]
layer = 2
script = ExtResource( 1 )

[node name="NewHighscoreWindow" type="Panel" parent="."]
anchor_left = 0.5
anchor_top = 0.5
anchor_right = 0.5
anchor_bottom = 0.5
margin_left = -150.0
margin_top = -70.0
margin_right = 150.0
margin_bottom = 70.0
theme = ExtResource( 2 )

[node name="VBoxContainer" type="VBoxContainer" parent="NewHighscoreWindow"]
margin_left = 5.0
margin_top = 5.0
margin_right = 295.0
margin_bottom = 77.0

[node name="HBoxScore" type="HBoxContainer" parent="NewHighscoreWindow/VBoxContainer"]
margin_right = 290.0
margin_bottom = 14.0
custom_constants/separation = 195

[node name="ScoreLabel" type="Label" parent="NewHighscoreWindow/VBoxContainer/HBoxScore"]
margin_right = 39.0
margin_bottom = 14.0
text = "Score:"
align = 1

[node name="ScoreValueLabel" type="Label" parent="NewHighscoreWindow/VBoxContainer/HBoxScore"]
margin_left = 234.0
margin_right = 242.0
margin_bottom = 14.0
text = "0"
align = 1

[node name="HBoxKills" type="HBoxContainer" parent="NewHighscoreWindow/VBoxContainer"]
margin_top = 18.0
margin_right = 290.0
margin_bottom = 32.0
custom_constants/separation = 203

[node name="KillsLabel" type="Label" parent="NewHighscoreWindow/VBoxContainer/HBoxKills"]
margin_right = 31.0
margin_bottom = 14.0
text = "Kills:"
align = 1

[node name="KillsValueLabel" type="Label" parent="NewHighscoreWindow/VBoxContainer/HBoxKills"]
margin_left = 234.0
margin_right = 242.0
margin_bottom = 14.0
text = "0"
align = 1

[node name="HBoxTime" type="HBoxContainer" parent="NewHighscoreWindow/VBoxContainer"]
margin_top = 36.0
margin_right = 290.0
margin_bottom = 50.0
custom_constants/separation = 198

[node name="TimeLabel" type="Label" parent="NewHighscoreWindow/VBoxContainer/HBoxTime"]
margin_right = 36.0
margin_bottom = 14.0
text = "Time:"
align = 1

[node name="TimeValueLabel" type="Label" parent="NewHighscoreWindow/VBoxContainer/HBoxTime"]
margin_left = 234.0
margin_right = 242.0
margin_bottom = 14.0
text = "0"
align = 1

[node name="HBoxNameLabel" type="HBoxContainer" parent="NewHighscoreWindow/VBoxContainer"]
margin_top = 54.0
margin_right = 290.0
margin_bottom = 68.0
alignment = 1

[node name="NameLabel" type="Label" parent="NewHighscoreWindow/VBoxContainer/HBoxNameLabel"]
margin_left = 124.0
margin_right = 166.0
margin_bottom = 14.0
text = "Name:"
align = 1

[node name="VBoxTextButtons" type="VBoxContainer" parent="NewHighscoreWindow/VBoxContainer"]
margin_top = 72.0
margin_right = 290.0
margin_bottom = 129.0
custom_constants/separation = 12

[node name="HBoxNameText" type="HBoxContainer" parent="NewHighscoreWindow/VBoxContainer/VBoxTextButtons"]
margin_right = 290.0
margin_bottom = 25.0
size_flags_vertical = 3
alignment = 1

[node name="NameTextEdit" type="LineEdit" parent="NewHighscoreWindow/VBoxContainer/VBoxTextButtons/HBoxNameText"]
margin_right = 290.0
margin_bottom = 25.0
rect_min_size = Vector2( 290, 25 )
context_menu_enabled = false
caret_blink = true

[node name="HBoxContainer" type="HBoxContainer" parent="NewHighscoreWindow/VBoxContainer/VBoxTextButtons"]
margin_top = 37.0
margin_right = 290.0
margin_bottom = 57.0
custom_constants/separation = 20
alignment = 1

[node name="OKButton" type="Button" parent="NewHighscoreWindow/VBoxContainer/VBoxTextButtons/HBoxContainer"]
margin_right = 215.0
margin_bottom = 20.0
rect_min_size = Vector2( 55, 20 )
size_flags_horizontal = 3
disabled = true
shortcut = SubResource( 2 )
text = "OK"

[node name="CancelButton" type="Button" parent="NewHighscoreWindow/VBoxContainer/VBoxTextButtons/HBoxContainer"]
margin_left = 235.0
margin_right = 290.0
margin_bottom = 20.0
rect_min_size = Vector2( 55, 20 )
shortcut_in_tooltip = false
shortcut = SubResource( 4 )
text = "Cancel"
[connection signal="text_changed" from="NewHighscoreWindow/VBoxContainer/VBoxTextButtons/HBoxNameText/NameTextEdit" to="." method="_on_NameTextEdit_text_changed"]
[connection signal="pressed" from="NewHighscoreWindow/VBoxContainer/VBoxTextButtons/HBoxContainer/OKButton" to="." method="_on_OKButton_pressed"]
[connection signal="pressed" from="NewHighscoreWindow/VBoxContainer/VBoxTextButtons/HBoxContainer/CancelButton" to="." method="_on_CancelButton_pressed"]
